<record><leader>03181cas a2200793 i 4500</leader><controlfield tag="001">ocn304017939</controlfield><controlfield tag="003">OCoLC</controlfield><controlfield tag="005">20190918124141.0</controlfield><controlfield tag="006">m     o  d        </controlfield><controlfield tag="007">cr |cu||||||||</controlfield><controlfield tag="008">920603d19832013orusr peo     0   a0eng c</controlfield><datafield ind1=" " ind2=" " tag="010"><subfield code="a">  2013202554</subfield></datafield><datafield ind1=" " ind2=" " tag="040"><subfield code="a">AU@</subfield><subfield code="b">eng</subfield><subfield code="e">rda</subfield><subfield code="e">pn</subfield><subfield code="c">AU@</subfield><subfield code="d">OCLCQ</subfield><subfield code="d">DLC</subfield><subfield code="d">OCLCF</subfield><subfield code="d">OCLCO</subfield><subfield code="d">OCLCQ</subfield><subfield code="d">OCLCA</subfield><subfield code="d">ORU</subfield><subfield code="d">SYB</subfield><subfield code="d">MIGCL</subfield><subfield code="d">OTZ</subfield><subfield code="d">UUM</subfield><subfield code="d">UOK</subfield><subfield code="d">XQL</subfield><subfield code="d">VT2</subfield><subfield code="d">D6H</subfield><subfield code="d">WYU</subfield><subfield code="d">COO</subfield><subfield code="d">YOU</subfield></datafield><datafield ind1=" " ind2=" " tag="019"><subfield code="a">802279744</subfield><subfield code="a">849803298</subfield><subfield code="a">1031197393</subfield></datafield><datafield ind1="0" ind2=" " tag="022"><subfield code="a">2327-4735</subfield><subfield code="2">1</subfield></datafield><datafield ind1="8" ind2=" " tag="024"><subfield code="a">ssj0036524</subfield></datafield><datafield ind1="1" ind2=" " tag="029"><subfield code="a">AU@</subfield><subfield code="b">000043832282</subfield></datafield><datafield ind1="1" ind2=" " tag="029"><subfield code="a">AU@</subfield><subfield code="b">000044945068</subfield></datafield><datafield ind1="1" ind2=" " tag="029"><subfield code="a">AU@</subfield><subfield code="b">000045737825</subfield></datafield><datafield ind1="1" ind2=" " tag="029"><subfield code="a">AU@</subfield><subfield code="b">000050327339</subfield></datafield><datafield ind1="1" ind2=" " tag="029"><subfield code="a">NZ1</subfield><subfield code="b">13744878</subfield></datafield><datafield ind1="1" ind2=" " tag="029"><subfield code="a">AU@</subfield><subfield code="b">000058460437</subfield></datafield><datafield ind1=" " ind2=" " tag="035"><subfield code="a">(OCoLC)304017939</subfield><subfield code="z">(OCoLC)802279744</subfield><subfield code="z">(OCoLC)849803298</subfield><subfield code="z">(OCoLC)1031197393</subfield></datafield><datafield ind1=" " ind2=" " tag="042"><subfield code="a">pcc</subfield><subfield code="a">nsdp</subfield></datafield><datafield ind1=" " ind2=" " tag="043"><subfield code="a">n-us-or</subfield></datafield><datafield ind1="1" ind2="0" tag="050"><subfield code="a">ISSN RECORD</subfield></datafield><datafield ind1=" " ind2="4" tag="050"><subfield code="a">HQ75</subfield><subfield code="b">.J96</subfield></datafield><datafield ind1="1" ind2="4" tag="050"><subfield code="a">HQ76.3.U52</subfield><subfield code="b">O75</subfield></datafield><datafield ind1="0" ind2="0" tag="082"><subfield code="a">305</subfield><subfield code="2">23</subfield></datafield><datafield ind1=" " ind2=" " tag="049"><subfield code="a">ORUM</subfield></datafield><datafield ind1="0" ind2=" " tag="130"><subfield code="a">Just out (Online)</subfield></datafield><datafield ind1=" " ind2="0" tag="222"><subfield code="a">Just out</subfield><subfield code="b">(Online)</subfield></datafield><datafield ind1="1" ind2="0" tag="245"><subfield code="a">Just out.</subfield></datafield><datafield ind1="1" ind2="3" tag="246"><subfield code="a">Just out newsmagazine</subfield></datafield><datafield ind1=" " ind2="1" tag="264"><subfield code="3">1983-1984 Sept.:</subfield><subfield code="a">Portland, OR :</subfield><subfield code="b">Out Media Inc.,</subfield><subfield code="c">[&#169; 1983-2011].</subfield></datafield><datafield ind1="2" ind2="1" tag="264"><subfield code="3">1984 Oct.-1990 Apr.:</subfield><subfield code="a">Portland, OR :</subfield><subfield code="b">Co-publishers Jay Brown, Rene&#769;e LaChance</subfield></datafield><datafield ind1="2" ind2="1" tag="264"><subfield code="3">1990 May- 1998 Nov. 6:</subfield><subfield code="a">Portland, OR :</subfield><subfield code="b">Publisher Rene&#769;e LaChance</subfield></datafield><datafield ind1="2" ind2="1" tag="264"><subfield code="3">1998 Nov. 20-2011:</subfield><subfield code="a">Portland, OR :</subfield><subfield code="b">Publisher Marty Davis</subfield></datafield><datafield ind1="3" ind2="1" tag="264"><subfield code="3">2012-2013:</subfield><subfield code="a">Portland, OR :</subfield><subfield code="b">Glenn-Kipp Publishing, Inc.</subfield></datafield><datafield ind1=" " ind2=" " tag="300"><subfield code="a">1 online resource</subfield></datafield><datafield ind1=" " ind2=" " tag="310"><subfield code="a">Monthly,</subfield><subfield code="b">2012-2013</subfield></datafield><datafield ind1=" " ind2=" " tag="321"><subfield code="a">Frequency varies,</subfield><subfield code="b">1983-2011</subfield></datafield><datafield ind1=" " ind2=" " tag="336"><subfield code="a">text</subfield><subfield code="b">txt</subfield><subfield code="2">rdacontent</subfield></datafield><datafield ind1=" " ind2=" " tag="336"><subfield code="a">still image</subfield><subfield code="b">sti</subfield><subfield code="2">rdacontent</subfield></datafield><datafield ind1=" " ind2=" " tag="337"><subfield code="a">computer</subfield><subfield code="b">c</subfield><subfield code="2">rdamedia</subfield></datafield><datafield ind1=" " ind2=" " tag="338"><subfield code="a">online resource</subfield><subfield code="b">cr</subfield><subfield code="2">rdacarrier</subfield></datafield><datafield ind1="1" ind2=" " tag="362"><subfield code="a">Print began with Vol. 1, no. 1 (October 28/November 11), published in 1983.</subfield></datafield><datafield ind1="1" ind2=" " tag="362"><subfield code="a">Ceased with Feruary 2013.</subfield></datafield><datafield ind1=" " ind2=" " tag="500"><subfield code="a">"Oregon's lesbian and gay newsmagazine."</subfield></datafield><datafield ind1=" " ind2=" " tag="515"><subfield code="a">Vol. 1, No. 1 called also Premiere Issue.</subfield></datafield><datafield ind1=" " ind2=" " tag="515"><subfield code="a">Publication suspended Jan.-May 2012.</subfield></datafield><datafield ind1=" " ind2=" " tag="588"><subfield code="a">Description based on print version record.</subfield></datafield><datafield ind1=" " ind2=" " tag="588"><subfield code="a">Latest issue consulted: Feb. 2013 (EBSCOhost, viewed July 7, 2019).</subfield></datafield><datafield ind1=" " ind2="0" tag="650"><subfield code="a">Lesbians</subfield><subfield code="z">Oregon</subfield><subfield code="v">Periodicals.</subfield></datafield><datafield ind1=" " ind2="0" tag="650"><subfield code="a">Gay men</subfield><subfield code="z">Oregon</subfield><subfield code="v">Periodicals.</subfield></datafield><datafield ind1=" " ind2="0" tag="650"><subfield code="a">Bisexuals</subfield><subfield code="z">Oregon</subfield><subfield code="v">Periodicals.</subfield></datafield><datafield ind1=" " ind2="0" tag="650"><subfield code="a">Transsexuals</subfield><subfield code="z">Oregon</subfield><subfield code="v">Periodicals.</subfield></datafield><datafield ind1=" " ind2="7" tag="650"><subfield code="a">Bisexuals.</subfield><subfield code="2">fast</subfield><subfield code="0">(OCoLC)fst00833357</subfield></datafield><datafield ind1=" " ind2="7" tag="650"><subfield code="a">Gay men.</subfield><subfield code="2">fast</subfield><subfield code="0">(OCoLC)fst00939117</subfield></datafield><datafield ind1=" " ind2="7" tag="650"><subfield code="a">Lesbians.</subfield><subfield code="2">fast</subfield><subfield code="0">(OCoLC)fst00996540</subfield></datafield><datafield ind1=" " ind2="7" tag="650"><subfield code="a">Transsexuals.</subfield><subfield code="2">fast</subfield><subfield code="0">(OCoLC)fst01155432</subfield></datafield><datafield ind1=" " ind2="7" tag="651"><subfield code="a">Oregon.</subfield><subfield code="2">fast</subfield><subfield code="0">(OCoLC)fst01204579</subfield></datafield><datafield ind1=" " ind2="7" tag="655"><subfield code="a">Periodicals.</subfield><subfield code="2">fast</subfield><subfield code="0">(OCoLC)fst01411641</subfield></datafield><datafield ind1=" " ind2="7" tag="655"><subfield code="a">Periodicals.</subfield><subfield code="2">lcgft</subfield></datafield><datafield ind1=" " ind2=" " tag="752"><subfield code="a">United States</subfield><subfield code="b">Oregon</subfield><subfield code="c">Multnomah</subfield><subfield code="d">Portland </subfield></datafield><datafield ind1="0" ind2="8" tag="776"><subfield code="i">Microfilm version:</subfield><subfield code="t">Just out</subfield><subfield code="w">(DLC)  2002262050</subfield><subfield code="w">(OCoLC)48689197</subfield></datafield><datafield ind1="0" ind2="8" tag="776"><subfield code="i">Print version, -2011:</subfield><subfield code="t">Just out</subfield><subfield code="x">2327-4727</subfield><subfield code="w">(DLC)sn 96020328</subfield><subfield code="w">(OCoLC)25933416</subfield></datafield><datafield ind1="4" ind2="0" tag="856"><subfield code="3">09/02/2005 to 02/28/2013</subfield><subfield code="u">https://search.ebscohost.com/direct.asp?db=qth&amp;jid=L70&amp;scope=site</subfield><subfield code="z">EBSCOhost LGBT Life with Full Text collection.</subfield></datafield><datafield ind1=" " ind2=" " tag="994"><subfield code="a">C0</subfield><subfield code="b">ORU</subfield></datafield></record>